<record><leader>00000cas a22000007a 4500</leader><controlfield tag="001">9573882</controlfield><controlfield tag="008">830603d18731874nyuwr ne      0    0eng d</controlfield><controlfield tag="009">3781</controlfield><datafield ind1=" " ind2=" " tag="010"><subfield code="a">sn 83030623 </subfield></datafield><datafield ind1=" " ind2=" " tag="040"><subfield code="a">NPU</subfield><subfield code="b">eng</subfield><subfield code="c">NPU</subfield><subfield code="d">COO</subfield><subfield code="d">NYG</subfield><subfield code="d">DLC</subfield><subfield code="d">NYG</subfield><subfield code="d">NYS</subfield><subfield code="d">OCLCQ</subfield></datafield><datafield ind1="1" ind2=" " tag="029"><subfield code="a">AU@</subfield><subfield code="b">000025826155</subfield></datafield><datafield ind1=" " ind2=" " tag="042"><subfield code="a">msc</subfield></datafield><datafield ind1="0" ind2="0" tag="245"><subfield code="a">Andover weekly advertiser.</subfield></datafield><datafield ind1=" " ind2=" " tag="260"><subfield code="a">Andover, N.Y. :</subfield><subfield code="b">E.S. Barnard</subfield></datafield><datafield ind1=" " ind2=" " tag="300"><subfield code="a">v. ;</subfield><subfield code="c">65 cm.</subfield></datafield><datafield ind1=" " ind2=" " tag="310"><subfield code="a">Weekly</subfield></datafield><datafield ind1="0" ind2=" " tag="362"><subfield code="a">Vol. 5, no. 15 (Mar. 13, 1873)-v. 6, no. 20 (May 7, 1874).</subfield></datafield><datafield ind1=" " ind2="4" tag="651"><subfield code="a">Andover (N.Y.)</subfield><subfield code="v">Newspapers.</subfield></datafield><datafield ind1=" " ind2=" " tag="752"><subfield code="a">United States</subfield><subfield code="b">New York</subfield><subfield code="c">Allegany</subfield><subfield code="d">Andover.</subfield></datafield><datafield ind1="0" ind2="0" tag="780"><subfield code="t">Andover advertiser (Andover, N.Y. : 1866)</subfield><subfield code="w">(DLC)sn 85054014</subfield></datafield><datafield ind1="0" ind2="0" tag="785"><subfield code="t">Andover advertiser and free press</subfield><subfield code="w">(DLC)sn 85054015</subfield></datafield></record>